<?xml version="1.0" encoding="UTF-8"?><record xmlns="http://www.loc.gov/MARC21/slim" xmlns:cinclude="http://apache.org/cocoon/include/1.0" xmlns:zs="http://www.loc.gov/zing/srw/">
  <leader>01016cz  a2200253n  4500</leader>
  <controlfield tag="001">n  83236777 </controlfield>
  <controlfield tag="003">DLC</controlfield>
  <controlfield tag="005">20081207075629.0</controlfield>
  <controlfield tag="008">840202n| acannaabn          |b ana      </controlfield>
  <datafield tag="010" ind1=" " ind2=" ">
    <subfield code="a">n  83236777 </subfield>
  </datafield>
  <datafield tag="035" ind1=" " ind2=" ">
    <subfield code="a">(OCoLC)oca01037698</subfield>
  </datafield>
  <datafield tag="040" ind1=" " ind2=" ">
    <subfield code="a">DLC</subfield>
    <subfield code="b">eng</subfield>
    <subfield code="c">DLC</subfield>
    <subfield code="d">DLC</subfield>
    <subfield code="d">OCoLC</subfield>
  </datafield>
  <datafield tag="110" ind1="2" ind2=" ">
    <subfield code="a">Pusan-si Kyoyuk Wiwŏnhoe</subfield>
  </datafield>
  <datafield tag="410" ind1="1" ind2=" ">
    <subfield code="w">nnaa</subfield>
    <subfield code="a">Pusan, Korea.</subfield>
    <subfield code="b">Kyoyuk Wiwŏnhoe</subfield>
  </datafield>
  <datafield tag="410" ind1="1" ind2=" ">
    <subfield code="a">Pusan (Korea).</subfield>
    <subfield code="b">Pusan-si Kyoyuk Wiwŏnhoe</subfield>
  </datafield>
  <datafield tag="410" ind1="1" ind2=" ">
    <subfield code="a">Pusan (Korea).</subfield>
    <subfield code="b">Kyoyuk Wiwŏnhoe</subfield>
  </datafield>
  <datafield tag="410" ind1="2" ind2=" ">
    <subfield code="a">釜山市敎育委員會</subfield>
  </datafield>
  <datafield tag="410" ind1="2" ind2=" ">
    <subfield code="a">부산시교육위원회</subfield>
  </datafield>
  <datafield tag="510" ind1="2" ind2=" ">
    <subfield code="w">b</subfield>
    <subfield code="a">Pusan Chikhalsi Kyoyuk Wiwŏnhoe</subfield>
  </datafield>
  <datafield tag="667" ind1=" " ind2=" ">
    <subfield code="a">Machine-derived non-Latin script reference project.</subfield>
  </datafield>
  <datafield tag="667" ind1=" " ind2=" ">
    <subfield code="a">Non-Latin script references not evaluated.</subfield>
  </datafield>
  <datafield tag="670" ind1=" " ind2=" ">
    <subfield code="a">Pusan kyoyuk, Che 205-ho (1979):</subfield>
    <subfield code="b">t.p. (Pusan-si Kyoyuk Wiwŏnhoe)</subfield>
  </datafield>
  <datafield tag="670" ind1=" " ind2=" ">
    <subfield code="a">LC manual auth. cd.</subfield>
    <subfield code="b">(hdg.: Pusan, Korea. Kyoyuk Wiwŏnhoe; usage: Pusan-si Kyoyuk Wiwŏnhoe)</subfield>
  </datafield>
  <datafield tag="675" ind1=" " ind2=" ">
    <subfield code="a">Pusan kyoyuk tʻonggye yŏnbo, 1982:</subfield>
    <subfield code="a">t.p. (Pusan Chikhalsi Kyoyuk Wiwŏnhoe)</subfield>
  </datafield>
</record>